%% Artículo de revista
@article{bib1,
  author		= "Campbell, Simon Lewis and Gear, Charles",
  title			= "The index of general nonlinear {D}{A}{E}{S}",
  journal		= "Numer. {M}ath.",
  volume		= "72",
  number		= "2",
  pages			= "173--196",
  year			= "1995"
}

%% Artículo de revista con DOI
@article{bib2,
  author		= "Slifka, Draft K. and Whitton, J. L. and Doddler, Richard",
  title			= "Clinical implications of dysregulated cytokine production",
  journal		= "J. {M}ol. {M}ed.",
  volume		= "78",
  pages			= "74--80",
  year			= "2000",
  doi			= {https://doi.org/10.3390/app12115371}
}

%% Journal article
@article{bib3,
  author		= "Hamburger,  Carlos and Ramadan,  Primer",
  title			= "Quasimonotonicity, regularity and duality for nonlinear systems of 
					partial differential equations",
  journal		= "Ann. Mat. Pura. Appl.",
  volume		= "169",
  number		= "2",
  pages			= "321--354",
  year			= "1995"
}

%% book, authored
@book{bib4,
  author		= "Geddes, K. O. and Czapor, S. R. and Labahn, G.",
  title			= "Algorithms for {C}omputer {A}lgebra",
  address		= "Boston",
  publisher		= "Kluwer",
  edition			= {5a},
  year			= "1992"
}

@book{Behar_2008_Metodologia,
  author		= "Behar Rivero, D. S.",
  title			= "Metodología de la Investigación",
  address		= "Madrid",
  publisher		= "Shalom",
  year			= "2008"
}

%% tesis partiendo de un libro
@book{bib_tesis,
  author		= "Pérez, Pablo",
  title			= "Reconocimineto facial en imágenes de personas usando cubrebocas",
  address		= "Atlacomulco, México",
  publisher		= "Tesis de Licenciatura: Ingeniería en Computación, Universidad Autónoma del Estado de México",
  year			= "2022",
  school		={Tesis de Licenciatura en Ingeniería en Computación, UAEMex},
  note		={\url{http://ri.uaemex.mx/handle/20.500.11799/68759}}
}

%% parte de un libro, especificando el capítulo
@incollection{bib_chap,
  author		= "Roster, Navy",
  title			= "Los marcianos llegaron ya",
  booktitle		= "Expedientes secretos X",
  address		= {Ciudad de México},
  publisher		= "Planeta",
  year			= "2092",
  chapter		={2},
  pages			={26--35},
  note  		={\url{theurl2.com}}
}

%% Parte de un libro, especificando las páginas
@incollection{bib5,
  author		= "Broy, Manuel",
  title			= "Software engineering---from auxiliary to key technologies",
  editor		= "Broy, M. and Denert, E.",
  booktitle		= "Software Pioneers",
  pages			= "10--13",
  address		= "New {Y}ork",
  publisher		= "Springer",
  year			= "1992",
  note  		={\url{theurl.com}}
}

%% Book, edited
@book{bib6,
  editor		= "Seymour, R. S.",
  title			= "Conductive {P}olymers",
  address		= "New {Y}ork",
  publisher		= "Plenum",
  year			= "1981"
}

%% Actas de conferencia
@inproceedings{bib7,
  author		= "Smith, S. E.",
  title			= "Neuromuscular blocking drugs in man",
  editor		= "Zaimis, E.",
  volume		= "42",
  booktitle		= "Neuromuscular junction. {H}andbook of experimental pharmacology",
  pages		= "593--660",
  address		= "Heidelberg",
  publisher		= "Springer",
  year		= "1976"
}

%% Paper presented at a conference
@misc{bib8,
  author		= "Chung, S. T. and Morris, R. L.",
  title			= "Isolation and characterization of plasmid deoxyribonucleic acid from 
					Streptomyces fradiae",
  year			= "1978",
  note			= "Artículo presentado en el congreso \textit{3rd international symposium on the genetics 
					of industrial microorganisms}, University of {W}isconsin, {M}adison, 
					4 al 9 de junio de 1978"
}

%% Data citation example
@misc{bib9,
  author		= "Hao, Z. and AghaKouchak, A. and Nakhjiri, N. and Farahmand, A.",
  title			= "Global integrated drought monitoring and prediction system (GIDMaPS) data sets", 
  year			= "2014",
  note			= "figshare \url{https://doi.org/10.6084/m9.figshare.853801}"
}

%% Preprint citation example
@misc{bib10, 
  author		= "Babichev, S. A. and Ries, J. and Lvovsky, A. I.",
  title			= "Quantum scissors: teleportation of single-mode optical states by means 
					of a nonlocal single photon", 
  year			= "2002",
  note			= "Preprint at \url{https://arxiv.org/abs/quant-ph/0208066v1}"
}

@article{bib11,
  author		= "Beneke, M. and Buchalla, G. and Dunietz, I.",
  title			= "Mixing induced {CP} asymmetries in inclusive {B} decays",
  journal		= "Phys. {L}ett.",
  volume		= "B393",
  year			= "1997",
  pages			= "132-142",
  archivePrefix		= "arXiv",
  eprint		= "0707.3168",
  primaryClass		= "gr-gc"
}


%% softmisc{bib12
@misc{bib12,
  author		= "Stahl, B.",
  title			= "deep{SIP}: deep learning of {S}upernova {I}a {P}arameters",
  version		= "0.42",
  keywords		= "Software",
  howpublished		= "Astrophysics {S}ource {C}ode {L}ibrary",
  year			= "2020",
  month			= "Jun",
  eid			= "ascl:2006.023",
  pages			= "ascl:2006.023",
  archivePrefix		= "ascl",
  eprint		= "2006.023",
  note		= {\url{https://ui.adsabs.harvard.edu/abs/2020ascl.soft06023S}},
   adsnote		= "Provided by the SAO/NASA Astrophysics Data System"
}

% El autor es una institución. 
@misc{RegEval,
  author		= {{Universidad Autónoma del Estado de México}},
  title		= {Reglamento de Evaluación Profesional de la Universidad Autónoma del Estado de México}, 
  year		= {2013},
  note		= {Documento publicado por la oficina del Abogado General}
}



